@Book{Tex_Book,
editor = {E. Krishnan},
title = {\LaTeX{} Tutorials},
publisher = {Indian TEX Users Group},
year = {2003},
}
 

@Misc{Prof_Lee,
author = {Prof. Lee McCluskey},
howpublished = {\url{http://helios.hud.ac.uk/scomtlm/}},
year = {2011},
note = {Cited: February 2012},
}














